@article{pomerleau1988alvinn,
  title={Alvinn: An autonomous land vehicle in a neural network},
  author={Pomerleau, Dean A},
  journal={Advances in neural information processing systems},
  volume={1},
  year={1988}
}

@online{darpa,
  author       = {darpa},
  title        = {darpa grand challenge},
  year         = {2007},
  url          = { http://archive.darpa.mil/grandchallenge/},
  urldate      = {2023-10-22}
}

@article{hawke2021reimagining,
  title={Reimagining an autonomous vehicle},
  author={Hawke, Jeffrey and Badrinarayanan, Vijay and Kendall, Alex and others},
  journal={arXiv preprint arXiv:2108.05805},
  year={2021}
}

@article{vaswani2017attention,
  title={Attention is all you need},
  author={Vaswani, Ashish and Shazeer, Noam and Parmar, Niki and Uszkoreit, Jakob and Jones, Llion and Gomez, Aidan N and Kaiser, {\L}ukasz and Polosukhin, Illia},
  journal={Advances in neural information processing systems},
  volume={30},
  year={2017}
}

@article{dosovitskiy2020image,
  title={An image is worth 16x16 words: Transformers for image recognition at scale},
  author={Dosovitskiy, Alexey and Beyer, Lucas and Kolesnikov, Alexander and Weissenborn, Dirk and Zhai, Xiaohua and Unterthiner, Thomas and Dehghani, Mostafa and Minderer, Matthias and Heigold, Georg and Gelly, Sylvain and others},
  journal={arXiv preprint arXiv:2010.11929},
  year={2020}
}

@inproceedings{liu2021swin,
  title={Swin transformer: Hierarchical vision transformer using shifted windows},
  author={Liu, Ze and Lin, Yutong and Cao, Yue and Hu, Han and Wei, Yixuan and Zhang, Zheng and Lin, Stephen and Guo, Baining},
  booktitle={Proceedings of the IEEE/CVF international conference on computer vision},
  pages={10012--10022},
  year={2021}
}

@inproceedings{carion2020end,
  title={End-to-end object detection with transformers},
  author={Carion, Nicolas and Massa, Francisco and Synnaeve, Gabriel and Usunier, Nicolas and Kirillov, Alexander and Zagoruyko, Sergey},
  booktitle={European conference on computer vision},
  pages={213--229},
  year={2020},
  organization={Springer}
}

@article{zhang2022dino,
  title={Dino: Detr with improved denoising anchor boxes for end-to-end object detection},
  author={Zhang, Hao and Li, Feng and Liu, Shilong and Zhang, Lei and Su, Hang and Zhu, Jun and Ni, Lionel M and Shum, Heung-Yeung},
  journal={arXiv preprint arXiv:2203.03605},
  year={2022}
}

@inproceedings{codevilla2018end,
  title={End-to-end driving via conditional imitation learning},
  author={Codevilla, Felipe and M{\"u}ller, Matthias and L{\'o}pez, Antonio and Koltun, Vladlen and Dosovitskiy, Alexey},
  booktitle={2018 IEEE international conference on robotics and automation (ICRA)},
  pages={4693--4700},
  year={2018},
  organization={IEEE}
}

@inproceedings{chen2015deepdriving,
  title={Deepdriving: Learning affordance for direct perception in autonomous driving},
  author={Chen, Chenyi and Seff, Ari and Kornhauser, Alain and Xiao, Jianxiong},
  booktitle={Proceedings of the IEEE international conference on computer vision},
  pages={2722--2730},
  year={2015}
}

@inproceedings{sauer2018conditional,
  title={Conditional affordance learning for driving in urban environments},
  author={Sauer, Axel and Savinov, Nikolay and Geiger, Andreas},
  booktitle={Conference on Robot Learning},
  pages={237--252},
  year={2018},
  organization={PMLR}
}

@inproceedings{chen2020learning,
  title={Learning by cheating},
  author={Chen, Dian and Zhou, Brady and Koltun, Vladlen and Kr{\"a}henb{\"u}hl, Philipp},
  booktitle={Conference on Robot Learning},
  pages={66--75},
  year={2020},
  organization={PMLR}
}

@article{chitta2023transfuser,
  title={Transfuser: Imitation with transformer-based sensor fusion for autonomous driving},
  author={Chitta, Kashyap and Prakash, Aditya and Jaeger, Bernhard and Yu, Zehao and Renz, Katrin and Geiger, Andreas},
  journal={IEEE Transactions on Pattern Analysis \& Machine Intelligence},
  volume={45},
  number={11},
  pages={12878--12895},
  year={2023},
  publisher={IEEE Computer Society}
}

@article{wu2022trajectory,
  title={Trajectory-guided control prediction for end-to-end autonomous driving: A simple yet strong baseline},
  author={Wu, Penghao and Jia, Xiaosong and Chen, Li and Yan, Junchi and Li, Hongyang and Qiao, Yu},
  journal={Advances in Neural Information Processing Systems},
  volume={35},
  pages={6119--6132},
  year={2022}
}

@article{ren2015faster,
  title={Faster r-cnn: Towards real-time object detection with region proposal networks},
  author={Ren, Shaoqing and He, Kaiming and Girshick, Ross and Sun, Jian},
  journal={Advances in neural information processing systems},
  volume={28},
  year={2015}
}

@inproceedings{redmon2016you,
  title={You only look once: Unified, real-time object detection},
  author={Redmon, Joseph and Divvala, Santosh and Girshick, Ross and Farhadi, Ali},
  booktitle={Proceedings of the IEEE conference on computer vision and pattern recognition},
  pages={779--788},
  year={2016}
}

@inproceedings{dosovitskiy2017carla,
  title={CARLA: An open urban driving simulator},
  author={Dosovitskiy, Alexey and Ros, German and Codevilla, Felipe and Lopez, Antonio and Koltun, Vladlen},
  booktitle={Conference on robot learning},
  pages={1--16},
  year={2017},
  organization={PMLR}
}

@online{carla,
  author       = {carla},
  title        = {CARLA leaderboard},
  year         = {2023},
  url          = {https://leaderboard.carla.org/},
  urldate      = {2023-10-22}
}

@book{sutton2018reinforcement,
  title={Reinforcement learning: An introduction},
  author={Sutton, Richard S and Barto, Andrew G},
  year={2018},
  publisher={MIT press}
}

@article{argall2009survey,
  title={A survey of robot learning from demonstration},
  author={Argall, Brenna D and Chernova, Sonia and Veloso, Manuela and Browning, Brett},
  journal={Robotics and autonomous systems},
  volume={57},
  number={5},
  pages={469--483},
  year={2009},
  publisher={Elsevier}
}

@article{tampuu2020survey,
  title={A survey of end-to-end driving: Architectures and training methods},
  author={Tampuu, Ardi and Matiisen, Tambet and Semikin, Maksym and Fishman, Dmytro and Muhammad, Naveed},
  journal={IEEE Transactions on Neural Networks and Learning Systems},
  volume={33},
  number={4},
  pages={1364--1384},
  year={2020},
  publisher={IEEE}
}

@online{tesla,
  author       = {tesla},
  title        = {Tesla ai day},
  year         = {2021},
  url          = {https://www.tesla.com/AI},
  urldate      = {2023-10-22}
}

@inproceedings{hu2021fiery,
  title={Fiery: Future instance prediction in bird's-eye view from surround monocular cameras},
  author={Hu, Anthony and Murez, Zak and Mohan, Nikhil and Dudas, Sof{\'\i}a and Hawke, Jeffrey and Badrinarayanan, Vijay and Cipolla, Roberto and Kendall, Alex},
  booktitle={Proceedings of the IEEE/CVF International Conference on Computer Vision},
  pages={15273--15282},
  year={2021}
}

@inproceedings{li2022bevformer,
  title={Bevformer: Learning bird's-eye-view representation from multi-camera images via spatiotemporal transformers},
  author={Li, Zhiqi and Wang, Wenhai and Li, Hongyang and Xie, Enze and Sima, Chonghao and Lu, Tong and Qiao, Yu and Dai, Jifeng},
  booktitle={European conference on computer vision},
  pages={1--18},
  year={2022},
  organization={Springer}
}

@inproceedings{liu2023bevfusion,
  title={Bevfusion: Multi-task multi-sensor fusion with unified bird's-eye view representation},
  author={Liu, Zhijian and Tang, Haotian and Amini, Alexander and Yang, Xinyu and Mao, Huizi and Rus, Daniela L and Han, Song},
  booktitle={2023 IEEE International Conference on Robotics and Automation (ICRA)},
  pages={2774--2781},
  year={2023},
  organization={IEEE}
}

@inproceedings{codevilla2019exploring,
  title={Exploring the limitations of behavior cloning for autonomous driving},
  author={Codevilla, Felipe and Santana, Eder and L{\'o}pez, Antonio M and Gaidon, Adrien},
  booktitle={Proceedings of the IEEE/CVF International Conference on Computer Vision},
  pages={9329--9338},
  year={2019}
}

@inproceedings{he2016deep,
  title={Deep residual learning for image recognition},
  author={He, Kaiming and Zhang, Xiangyu and Ren, Shaoqing and Sun, Jian},
  booktitle={Proceedings of the IEEE conference on computer vision and pattern recognition},
  pages={770--778},
  year={2016}
}

@inproceedings{zhang2021end,
  title={End-to-end urban driving by imitating a reinforcement learning coach},
  author={Zhang, Zhejun and Liniger, Alexander and Dai, Dengxin and Yu, Fisher and Van Gool, Luc},
  booktitle={Proceedings of the IEEE/CVF international conference on computer vision},
  pages={15222--15232},
  year={2021}
}

@article{schulman2017proximal,
  title={Proximal policy optimization algorithms},
  author={Schulman, John and Wolski, Filip and Dhariwal, Prafulla and Radford, Alec and Klimov, Oleg},
  journal={arXiv preprint arXiv:1707.06347},
  year={2017}
}

@inproceedings{chen2021learning,
  title={Learning to drive from a world on rails},
  author={Chen, Dian and Koltun, Vladlen and Kr{\"a}henb{\"u}hl, Philipp},
  booktitle={Proceedings of the IEEE/CVF International Conference on Computer Vision},
  pages={15590--15599},
  year={2021}
}